<?xml version="1.0" encoding="UTF-8"?><collection xmlns="http://www.loc.gov/MARC21/slim"><record><leader>00722nam--2200205-i-4500</leader><controlfield tag="001">000000072</controlfield><controlfield tag="002">20161230</controlfield><controlfield tag="005">20161230201023</controlfield><controlfield tag="008">060222s1000------------r-----000-0-eng-d</controlfield><datafield ind1=" " ind2=" " tag="020"><subfield code="a">3540096922</subfield></datafield><datafield ind1=" " ind2=" " tag="040"><subfield code="a">IFIN-HH</subfield></datafield><datafield ind1=" " ind2=" " tag="080"><subfield code="a">538.9:546.23/24</subfield></datafield><datafield ind1="1" ind2=" " tag="100"><subfield code="a">Gerlach, E</subfield></datafield><datafield ind1="1" ind2="0" tag="245"><subfield code="a">The physics of selenium and tellurium</subfield><subfield code="b">Proceedings of the international conference on the physics of selenium and tellurium konigstein, fed.rep.of germany, may 28-31, 1979</subfield><subfield code="c">E. gerlach, p. grosse (eds.)</subfield></datafield><datafield ind1=" " ind2=" " tag="260"><subfield code="a">Berlin</subfield><subfield code="b">Springer-verlag</subfield><subfield code="c">1979</subfield></datafield><datafield ind1=" " ind2=" " tag="300"><subfield code="a">X + 281 P. + 210 FIG</subfield></datafield><datafield ind1=" " ind2=" " tag="490"><subfield code="a">Springer Series In Solid-state Sciences</subfield><subfield code="v">Vol. 13</subfield></datafield><datafield ind1="1" ind2=" " tag="700"><subfield code="a">Grosse, P</subfield><subfield code="e">Ed</subfield></datafield><datafield ind1=" " ind2=" " tag="852"><subfield code="a">46526</subfield><subfield code="c">539.2</subfield></datafield><datafield ind1=" " ind2=" " tag="CAT"><subfield code="a">Sys</subfield><subfield code="c">20121029</subfield><subfield code="h">124406</subfield></datafield></record></collection>